@book{ZistMet,
	author = {{В.В.Чистюхин, К.С.Лялин}},
	title = {Проектирование антенно-фидерных устройств : Методические указания к практическим занятиям по курсу “Антенно-фидерные устройства”},
	date = {2001},
	address = {М.},
	publisher = {МИЭТ},
	pages = {116}
}

@book{ZistPract,
	author = {{В.В.Чистюхин, К.С.Лялин}},
	title = {Практические занятия по курсу “Антенно-фидерные устройства”},
	date = {2010},
	address = {М.},
	publisher = {МИЭТ},
	pages = {112}
}

@book{ZistLect,
	author = {В.В.Чистюхин},
	title = {Антенно-фидерные устройства: Учебное пособие},
	date = {2010},
	address = {М.},
	publisher = {МИЭТ},
	pages = {178}
}

@book{Saz,
	author = {Д.М.Сазонов},
	title = {Антенны и устройства СВЧ},
	date = {1988},
	address = {М.},
	isbn= {5—06—001149—6},
	publisher = {Высшая школа},
	pages = {434}
}

@online{dee3mon_AFD_Methodic,
	author = {Д.В.Приходько},
	title = {Лабораторные работы по курсу <<Проектирование Антенно-Фидерных устройств>>},
	year = 2021,
	url = {https://github.com/dee3mon/}
}